<record><leader>00000cas a2200000 a 4500</leader><controlfield tag="001">12348020</controlfield><controlfield tag="008">850805d19021911ksuwr ne      0    0eng d</controlfield><datafield ind1=" " ind2=" " tag="010"><subfield code="a">sn 85031568 </subfield></datafield><datafield ind1=" " ind2=" " tag="040"><subfield code="a">KSH</subfield><subfield code="b">eng</subfield><subfield code="c">KSH</subfield><subfield code="d">NPT</subfield><subfield code="d">OCL</subfield><subfield code="d">OCLCQ</subfield></datafield><datafield ind1=" " ind2=" " tag="042"><subfield code="a">msc</subfield></datafield><datafield ind1="0" ind2=" " tag="130"><subfield code="a">Norton champion (Norton, Kan. : 1902)</subfield></datafield><datafield ind1="1" ind2="4" tag="245"><subfield code="a">The Norton champion.</subfield></datafield><datafield ind1=" " ind2=" " tag="260"><subfield code="a">Norton, Kan. :</subfield><subfield code="b">[J.W. Conway],</subfield><subfield code="c">1902-1911.</subfield></datafield><datafield ind1=" " ind2=" " tag="300"><subfield code="a">8 v. :</subfield><subfield code="b">ill. ;</subfield><subfield code="c">59 cm.</subfield></datafield><datafield ind1=" " ind2=" " tag="310"><subfield code="a">Weekly</subfield></datafield><datafield ind1="0" ind2=" " tag="362"><subfield code="a">Vol. 19, no. 38 (Oct. 30, 1902)-v. 27, no. 52 (Jan. 19, 1911).</subfield></datafield><datafield ind1=" " ind2=" " tag="515"><subfield code="a">Oct. 30, 1902 issue and Oct. 23, 1902 issue of Champion (Norton, Kan. : 1885) both numbered v. 19, no. 38.</subfield></datafield><datafield ind1=" " ind2=" " tag="752"><subfield code="a">United States</subfield><subfield code="b">Kansas</subfield><subfield code="c">Norton</subfield><subfield code="d">Norton.</subfield></datafield><datafield ind1="0" ind2="0" tag="780"><subfield code="t">Champion (Norton, Kan. : 1885)</subfield><subfield code="w">(DLC)sn 85031569</subfield></datafield><datafield ind1="0" ind2="0" tag="785"><subfield code="t">Champion (Norton, Kan. : 1911)</subfield><subfield code="w">(DLC)sn 85031981</subfield></datafield></record>